@online{FSTBlog,
  author = {Gallant, Andrew},
  title = {Index 1,600,000,000 Keys with Automata and Rust},
  howpublished = {\url{https://blog.burntsushi.net/transducers/}},
  year = 2015,
}

@article{csr5,
  author    = {Weifeng Liu and
               Brian Vinter},
  title     = {{CSR5:} An Efficient Storage Format for Cross-Platform Sparse Matrix-Vector
               Multiplication},
  journal   = {CoRR},
  volume    = {abs/1503.05032},
  year      = {2015},
  url       = {http://arxiv.org/abs/1503.05032},
  archivePrefix = {arXiv},
  eprint    = {1503.05032},
  timestamp = {Mon, 13 Aug 2018 16:46:10 +0200},
  biburl    = {https://dblp.org/rec/journals/corr/0002V15.bib},
  bibsource = {dblp computer science bibliography, https://dblp.org}
}

@article{StateOfSparsity,
  author    = {Trevor Gale and
               Erich Elsen and
               Sara Hooker},
  title     = {The State of Sparsity in Deep Neural Networks},
  journal   = {CoRR},
  volume    = {abs/1902.09574},
  year      = {2019},
  url       = {http://arxiv.org/abs/1902.09574},
  archivePrefix = {arXiv},
  eprint    = {1902.09574},
  timestamp = {Tue, 21 May 2019 18:03:40 +0200},
  biburl    = {https://dblp.org/rec/journals/corr/abs-1902-09574.bib},
  bibsource = {dblp computer science bibliography, https://dblp.org}
}
